<record xmlns="http://www.loc.gov/MARC21/slim" xmlns:xsi="http://www.w3.org/2001/XMLSchema-instance" xsi:schemaLocation="http://www.loc.gov/MARC21/slim http://www.loc.gov/standards/marcxml/schema/MARC21slim.xsd"><leader>01216cz   2200289n  4500</leader><controlfield tag="001">oca00630822 </controlfield><controlfield tag="005">20000429064728.0</controlfield><controlfield tag="008">811020n| acannaabn          |a aaa      </controlfield><datafield ind1=" " ind2=" " tag="010"><subfield code="a">n  81085591 </subfield></datafield><datafield ind1=" " ind2=" " tag="040"><subfield code="a">DLC</subfield><subfield code="b">eng</subfield><subfield code="c">DLC</subfield><subfield code="d">CoU</subfield><subfield code="d">OCoLC</subfield></datafield><datafield ind1="1" ind2=" " tag="100"><subfield code="a">Rutilius Namatianus, Claudius,</subfield><subfield code="d">5th cent.</subfield></datafield><datafield ind1="0" ind2=" " tag="400"><subfield code="a">Rutilius Claudius Namatianus</subfield><subfield code="w">nnaa</subfield></datafield><datafield ind1="1" ind2=" " tag="400"><subfield code="a">Rutilius, Numatianus,</subfield><subfield code="d">5th cent.</subfield></datafield><datafield ind1="1" ind2=" " tag="400"><subfield code="a">Rutilius, Claudius Namatianus,</subfield><subfield code="d">5th cent.</subfield></datafield><datafield ind1="1" ind2=" " tag="400"><subfield code="a">Namatianus, Rutilius Claudius,</subfield><subfield code="d">5th cent.</subfield></datafield><datafield ind1="1" ind2=" " tag="400"><subfield code="a">Rutilio Namaziano, Claudio,</subfield><subfield code="d">5th cent.</subfield></datafield><datafield ind1="1" ind2=" " tag="400"><subfield code="a">Rutilio, Namaziano,</subfield><subfield code="d">5th cent.</subfield></datafield><datafield ind1="1" ind2=" " tag="400"><subfield code="a">Namaziano, Claudio Rutilio,</subfield><subfield code="d">5th cent.</subfield></datafield><datafield ind1="0" ind2=" " tag="400"><subfield code="a">Rutilius Claudius Namatianus,</subfield><subfield code="d">5th cent.</subfield></datafield><datafield ind1="1" ind2=" " tag="400"><subfield code="a">Namaziano, Rutilio,</subfield><subfield code="d">5th cent.</subfield></datafield><datafield ind1=" " ind2=" " tag="670"><subfield code="a">Oxford class. dict.</subfield><subfield code="b">(Namatianus, Rutilius Claudius, 5th cent. Roman poet)</subfield></datafield><datafield ind1=" " ind2=" " tag="670"><subfield code="a">Pauly-Wissowa</subfield><subfield code="b">(Rutilius Claudius Namatianus)</subfield></datafield><datafield ind1=" " ind2=" " tag="670"><subfield code="a">Enc. Brit.</subfield><subfield code="b">(Rutilius Namatianus Claudius)</subfield></datafield><datafield ind1=" " ind2=" " tag="670"><subfield code="a">Harper's class. dict.</subfield><subfield code="b">(Rutilius Namatianus, Claudius)</subfield></datafield><datafield ind1=" " ind2=" " tag="670"><subfield code="a">Corsaro, F. Studi rutiliani, 1981:</subfield><subfield code="b">p. 109 (Rutilio Namaziano)</subfield></datafield><datafield ind1=" " ind2=" " tag="670"><subfield code="a">It81-May</subfield><subfield code="b">(Rutilio Namaziano Claudio)</subfield></datafield><datafield ind1=" " ind2=" " tag="670"><subfield code="a">Il ritorno, c1992:</subfield><subfield code="b">t.p. (Rutilio Namaziano)</subfield></datafield></record>